
@misc{wiki:ffi,
	author = "Wikipedia contributors",
	title = "Foreign function interface --- Wikipedia{,} The Free Encyclopedia",
	year = "2018",
	url = "https://en.wikipedia.org/w/index.php?title=Foreign_function_interface&oldid=825105351",
	note = "[Online; accessed 14-February-2018]"
}


@online{mec:home,
	title = {MEC-View},
	url = {http://mec-view.de/},
	language = {Deutsch},
	urldate = {2018-02-19},
}