
@online{rust:fefe,
	author = {Felix von Leitner},
	title = {Fefes Blog},
	subtitle = {D soll Teil von gcc werden},
	date = {2017-06-22},
	url = {https://blog.fefe.de/?ts=a7b51cac},
	language = {Deutsch},
	urldate = {2018-02-14},
}


@online{rust:c_is_hostile_golem,
	author = {Sebastian Gr端ner},
	title = {\enquote{C ist eine feindselige Sprache}},
	subtitle = {Der Mitbegr端nder des Gnome-Projekts Federico Mena Quintero ist nicht mehr besonders 端berzeugt von der Sprache C und empfiehlt aus eigener Erfahrung stattdessen Rust - vor allem f端r Parser},
	date = {2017-06-22},
	url = {https://www.golem.de/news/rust-c-ist-eine-feindselige-sprache-1707-129196.html},
	language = {Deutsch},
	urldate = {2018-02-14},
}



@online{rust:c_is_hostile_mena,
	author = {Federico Mena Quintero},
	title = {Replacing C library code with Rust},
	subtitle = {What I learned with librsvg},
	date = {GUADEC 2017},
	url = {https://people.gnome.org/~federico/blog/docs/fmq-porting-c-to-rust.pdf},
	language = {Englisch},
	urldate = {2018-02-14},
}


@online{rust:performance_pitfalls,
	author = {Llogiq},
	title = {Llogiq on stuff},
	subtitle = {Rust Performance Pitfalls},
	date = {GUADEC 2017},
	url = {https://llogiq.github.io/2017/06/01/perf-pitfalls.html},
	language = {Englisch},
	urldate = {2017-06-01},
}

@online{rust:tight_control,
	author = {fgilcher},
	title = {Subreddit Rust},
	subtitle = {fgilcher kommentiert},
	date = {2017-11-03},
	url = {https://www.reddit.com/r/rust/comments/7amv58/just_started_learning_rust_and_was_wondering_does/dpb9qew/},
	language = {Englisch},
	urldate = {2017-06-01},
}


@online{rust:orly_y_rust,
	author = {Jim Blandy},
	title = {Why Rust?},
	subtitle = {Trustworthy, Concurrent System Programming},
	date = {2015},
	url = {http://www.oreilly.com/programming/free/files/why-rust.pdf},
	language = {Englisch},
	urldate = {2017-06-01},
}



@book{rust:orly_programming,
	author    = {Jim Blandy, Jason Orendorff}, 
	title     = {Programming Rust},
	publisher = {O'Reilly Media},
	year      = 2017,
	month     = 12,
	isbn      = {1491927283},
	note	  = {Fast, Safe Systems Development}
}



