


@online{asn:layman,
	author = {Burton S. Kaliski Jr.},
	title = {A Layman's Guide to Subset ASN.1, BER, and DER},
	subtitle = {An RSA Laboratories Technical Note},
	date = {1993-11-01},
	url = {http://luca.ntop.org/Teaching/Appunti/asn1.html},
	urldate = {2018-02-23},
	language = {Englisch},
}

@online{asn:itu:ecn,
	author = {International Telecommunication Union (ITU)},
	title = {The Encoding control notation},
	subtitle = {ASN.1 Project},
	url = {https://www.itu.int/en/ITU-T/asn1/Pages/ecn.aspx},
	urldate = {2018-02-23},
	language = {Englisch},
}


@online{asn:itu:asn.1,
	author = {International Telecommunication Union (ITU)},
	title = {Introduction to ASN.1},
	subtitle = {ASN.1 Project},
	url = {https://www.itu.int/en/ITU-T/asn1/Pages/introduction.aspx},
	urldate = {2018-02-23},
	language = {Englisch},
}

@online{asn:itu:x690,
	author = {International Telecommunication Union (ITU)},
	title = {Information technology – ASN.1 encoding rules},
	subtitle = {Specification of Basic Encoding Rules (BER), Canonical Encoding Rules (CER) and Distinguished Encoding Rules (DER)},
	date = {2015-08},
	language = {Englisch},
	url = {http://handle.itu.int/11.1002/1000/12483-en?locatt=format:pdf&auth},
	urldate = {2018-02-23},
}

@online{asn:itu:x691,
	author = {International Telecommunication Union (ITU)},
	title = {Information technology – ASN.1 encoding rules},
	subtitle = {Specification of Packed Encoding Rules (PER)},
	date = {2015-08},
	language = {Englisch},
	url = {http://handle.itu.int/11.1002/1000/12484-en?locatt=format:pdf&auth},
	urldate = {2018-02-23},
}

@online{asn:itu:x693,
	author = {International Telecommunication Union (ITU)},
	title = {Information technology – ASN.1 encoding rules},
	subtitle = {XML Encoding Rules (XER)},
	date = {2015-08},
	language = {Englisch},
	url = {http://handle.itu.int/11.1002/1000/12489-en?locatt=format:pdf&auth},
	urldate = {2018-02-23},
}

@online{asn:iso,
	author = {International Organization for Standardization},
	title = {Publicly Available Standards},
	language = {Englisch},
	url = {http://standards.iso.org/ittf/PubliclyAvailableStandards/index.html},
	urldate = {2018-03-19},
}



@online{asn:wiki:x690,
	author = "Wikipedia",
	title = "X.690 --- Wikipedia{,} The Free Encyclopedia",
	year = "2018",
	url = "https://en.wikipedia.org/w/index.php?title=X.690&oldid=820700186",
	urldate = {2018-02-23},
}