
@book{perf:buttazzo2006soft,
	title={Soft Real-Time Systems: Predictability vs. Efficiency: Predictability vs. Efficiency},
	author={Buttazzo, G.C. and Lipari, G. and Abeni, L. and Caccamo, M.},
	isbn={9780387281476},
	lccn={2005040249},
	series={Series in Computer Science},
	url={https://books.google.de/books?id=egYUXKLUG8YC},
	year={2006},
	publisher={Springer US}
}

@book{perf:laplante2004real,
	title={Real-Time Systems Design and Analysis},
	author={Laplante, P.A.},
	isbn={9780471648284},
	url={https://books.google.de/books?id=1qDuaC17yxAC},
	year={2004},
	publisher={Wiley}
}

@book{perf:wang2017real,
	title={Real-Time Embedded Systems},
	author={Wang, J.},
	isbn={9781118116173},
	lccn={2017015038},
	series={Quantitative Software Engineering Series},
	url={https://books.google.de/books?id=KbwtDwAAQBAJ},
	year={2017},
	publisher={Wiley}
}

@online{perf:mec:fraunhofer,
	author = {Fraunhofer-Institut FÃ¼r eingebettete Systeme und KommunikationstechniK ESK},
	title = {Echtzeitvernetztes Fahren mit LTE und Mobile Edge Computing},
	url = {https://www.esk.fraunhofer.de/content/dam/esk/dokumente/PDB-Car2MEC-dt.pdf},
	language = {Detusch},
	date = {2017-06},
	urldate = {2018-03-19},
}
