% !TEX encoding = UTF-8 Unicode
\usepackage[autostyle=true,german=quotes]{csquotes}

@online{rust:fefe,
	author = {Felix von Leitner},
	title = {Fefes Blog},
	subtitle = {D soll Teil von gcc werden},
	date = {2017-06-22},
	url = {https://blog.fefe.de/?ts=a7b51cac},
	language = {Deutsch},
	urldate = {2018-02-14},
}


@online{rust:c_is_hostile_golem,
	author = {Sebastian Gr端ner},
	title = {\glqq{}C ist eine feindselige Sprache\grqq{}},
	subtitle = {Der Mitbegr端nder des Gnome-Projekts Federico Mena Quintero ist nicht mehr besonders 端berzeugt von der Sprache C und empfiehlt aus eigener Erfahrung stattdessen Rust - vor allem f端r Parser},
	date = {2017-06-22},
	url = {https://www.golem.de/news/rust-c-ist-eine-feindselige-sprache-1707-129196.html},
	language = {Deutsch},
	urldate = {2018-02-14},
}



@online{rust:c_is_hostile_mena,
	author = {Federico Mena Quintero},
	title = {Replacing C library code with Rust},
	subtitle = {What I learned with librsvg},
	date = {GUADEC 2017},
	url = {https://people.gnome.org/~federico/blog/docs/fmq-porting-c-to-rust.pdf},
	language = {Englisch},
	urldate = {2018-02-14},
}


@online{rust:performance_pitfalls,
	author = {Llogiq},
	title = {Llogiq on stuff},
	subtitle = {Rust Performance Pitfalls},
	date = {GUADEC 2017},
	url = {https://llogiq.github.io/2017/06/01/perf-pitfalls.html},
	language = {Englisch},
	urldate = {2018-02-14},
}

@online{rust:tight_control,
	author = {fgilcher},
	title = {Subreddit Rust},
	subtitle = {fgilcher kommentiert},
	date = {2017-11-03},
	url = {https://www.reddit.com/r/rust/comments/7amv58/just_started_learning_rust_and_was_wondering_does/dpb9qew/},
	language = {Englisch},
	urldate = {2018-02-14},
}


@online{rust:orly_y_rust,
	author = {Jim Blandy},
	title = {Why Rust?},
	subtitle = {Trustworthy, Concurrent System Programming},
	date = {2015},
	url = {http://www.oreilly.com/programming/free/files/why-rust.pdf},
	language = {Englisch},
	urldate = {2017-06-01},
}



@book{rust:orly_programming,
	author    = {Jim Blandy and Jason Orendorff}, 
	title     = {Programming Rust},
	publisher = {O'Reilly Media},
	year      = 2017,
	month     = 12,
	isbn      = {1491927283},
	note	  = {Fast, Safe Systems Development}
}


@online{rust:heise_interview_graydon,
	author = {Julia Schmidt},
	title = {Graydon Hoare im Interview zur Programmiersprache Rust},
	date = {2013-07-12},
	url = {https://www.heise.de/-1916345},
	language = {Deutsch},
	urldate = {2018-02-16},
}


@online{rust:faq,
	author = {Rust},
	title = {The Rust Programming Language},
	language = {Englisch},
	url = {https://www.rust-lang.org/en-US/faq.html},
	language = {Englisch},
	urldate = {2018-02-16},
}

@online{rust:platform_support,
	author = {Rust},
	title = {The Rust Programming Language},
	subtitle = {Rust Platform Support},
	url = {https://forge.rust-lang.org/platform-support.html},
	language = {Englisch},
	urldate = {2018-02-19},
}

@online{rust:github:128bit_integer:rfc,
	author = {Niko Matsakis},
	title = {GitHub},
	subtitle = {Tracking issue for 128-bit integer support (RFC 1504)},
	url = {https://github.com/rust-lang/rust/issues/35118},
	year = {2016},
	language = {Englisch},
	urldate = {2018-03-05},
}


@online{rust:github:128bit_integer,
	author = {withoutboats},
	title = {GitHub},
	subtitle = {Tracking issue for 128-bit integer support (RFC 1504)},
	url = {https://github.com/rust-lang/rust/issues/35118#issuecomment-362689905},
	language = {Englisch},
	urldate = {2018-03-07},
}

@online{rust:github:extern_type,
	author = {Rust-Lang/RFCs},
	title = {GitHub},
	subtitle = {Tracking issue for RFC 1861: Extern types},
	url = {https://github.com/rust-lang/rust/issues/43467},
	language = {Englisch},
	urldate = {2018-02-20},
}

@online{rust:book:raw_ptr,
	author = {Rust-Lang/Book},
	title = {The Rust Programming Language},
	subtitle = {Unsafe Rust},
	url = {https://doc.rust-lang.org/book/second-edition/ch19-01-unsafe-rust.html#dereferencing-a-raw-pointer},
	language = {Englisch},
	urldate = {2018-02-20},
}

@online{rust:book:primitives,
	author = {Rust-Lang/Book},
	title = {The Rust Programming Language},
	subtitle = {Primitive Types},
	url = {https://doc.rust-lang.org/book/first-edition/primitive-types.html},
	language = {Englisch},
	urldate = {2018-02-21},
}

@online{rust:book:statements,
	author = {Rust-Lang/Book},
	title = {The Rust Programming Language},
	subtitle = {Statements and expressions},
	url = {https://doc.rust-lang.org/reference/statements-and-expressions.html},
	language = {Englisch},
	urldate = {2018-03-05},
}

@online{rust:book:constructors,
	author = {Rust-Lang/Book},
	title = {The Rust Programming Language},
	subtitle = {Constructors},
	url = {https://doc.rust-lang.org/beta/nomicon/constructors.html},
	language = {Englisch},
	urldate = {2018-03-05},
}

@online{rust:book:undefined,
	author = {Rust-Lang/Book},
	title = {The Rust Programming Language},
	subtitle = {Behavior considered undefined},
	url = {https://doc.rust-lang.org/reference/behavior-considered-undefined.html},
	language = {Englisch},
	urldate = {2018-03-07},
}


@online{rust:styleguide,
	author = {Rust-Lang},
	title = {Style Guidelines},
	url = {https://doc.rust-lang.org/1.0.0/style/README.html},
	language = {Englisch},
	urldate = {2018-02-23},
}


@online{rust:youtube:goto2017,
	author = {Florian Gilcher},
	title = {GOTO 2017},
	subtitle = {Why is Rust Successful?},
	url = {https://www.youtube.com/watch?v=-Tj8Q12DaEQ},
	language = {Englisch},
	date = {2017-12-06},
	urldate = {2018-02-21},
}


@online{rust:gnome:federico,
	author = {Federico Mena-Quintero},
	title = {Federico Mena-Quintero},
	url = {https://people.gnome.org/~federico/},
	language = {Englisch},
	urldate = {2018-03-06},
}


@online{rust:infoq:null,
	author = {Tony Hoare},
	title = {Null References: The Billion Dollar Mistake},
	url = {https://www.infoq.com/presentations/Null-References-The-Billion-Dollar-Mistake-Tony-Hoare},
	language = {Englisch},
	date = {2009-08-25},
	urldate = {2018-03-06},
}




@book{deitel2013c,
	title={C for Programmers with an Introduction to C11},
	author={Deitel, P.J. and Deitel, H.},
	isbn={9780133462074},
	series={Deitel Developer Series},
	url={https://books.google.de/books?id=jGFQYKi1s-oC},
	year={2013},
	publisher={Pearson Education}
}

@book{goll2014c,
	title={C als erste Programmiersprache: Mit den Konzepten von C11},
	author={Goll, J. and Dausmann, M.},
	isbn={9783834822710},
	series={SpringerLink : B{\"u}cher},
	url={https://books.google.de/books?id=41AeBAAAQBAJ},
	year={2014},
	publisher={Springer Fachmedien Wiesbaden}
}